@article{hastings,
author = {W. K. Hastings},
title = {{M}onte {C}arlo sampling methods using {M}arkov chains and their applications},
journal = {Biometrika},
volume = {57},
number = {1},
pages = {97-109},
year = {1970}
}

@article{geyermoller,
 ISSN = {03036898, 14679469},
 author = {Charles J. Geyer and Jesper Møller},
 journal = {Scandinavian Journal of Statistics},
 number = {4},
 pages = {359-373},
 publisher = {[Board of the Foundation of the Scandinavian Journal of Statistics, Wiley]},
 title = {Simulation {P}rocedures and {L}ikelihood {I}nference for {S}patial {P}oint {P}rocesses},
 urldate = {2023-11-17},
 volume = {21},
 year = {1994}
}

@article{geyerpractical,
author = {Charles J. Geyer},
title = {Practical {M}arkov {C}hain {M}onte {C}arlo},
journal = {Statistical Science},
volume = {7},
number = {4},
pages = {473-511},
year = {1992}
}

@article{geyerlikelihood,
author = {Charles J. Geyer},
title = {{M}arkov {C}hain {M}onte {C}arlo {M}aximum {L}ikelihood},
journal = {Computing Science and Statistics},
volume = {91},
pages = {133-169},
year = {1992}
}


@article{tierney1994,
author = {Luke Tierney},
title = {Markov {C}hains for {E}xploring {P}osterior {D}istribution},
journal = {The Annals of Statistics},
volume = {22},
number = {4},
pages = {1701-1762},
year = {1994}
}


@article{tierney1998,
author = {Luke Tierney},
title = {A {N}ote on {M}etropolis-{H}astings {K}ernels for {G}eneral {S}tate {S}paces},
journal = {The Annals of Statistics},
volume = {8},
number = {1},
pages = {1-9},
year = {1998}
}

@book{MCMChandbook,
Title={{H}andbook of {M}arkov {C}hain {M}onte {C}arlo},
author={Steve Brooks and Andrew Gelman and Galin Jones and Xiao-Li Meng},
year={2011},
publisher={Chapman \& Hall/CRC}
}


@misc{involutiveMCMC,
      title={Involutive {MCMC}: a {U}nifying {F}ramework}, 
      author={Kirill Neklyudov and Max Welling and Evgenii Egorov and Dmitry Vetrov},
      year={2020},
      eprint={2006.16653},
      archivePrefix={arXiv},
      primaryClass={cs.LG}
}


%% slice sampling======================================================

@article{nealslice,
author = {Radford M. Neal},
title = {Slice {S}ampling},
journal = {The Annals of Statistics},
volume = {31},
number = {3},
pages = {705-767},
year = {2003}
}










%% manifold============================================================
@article{manifoldparent,
author = {Emilio Zappa and Miranda Holmes-Cerfon and Jonathan Goodman},
title = {{M}onte {C}arlo on {M}anifolds: {S}ampling {D}ensities and {I}ntegrating {F}unctions},
journal = {Communications on Pure and Applied Mathematics},
volume = {LXXI},
pages = {2609-2647},
year = {2018}
}



@misc{manifoldchild,
title={{M}onte {C}arlo on manifolds in high dimensions}, 
author={Kerun Xu and Miranda Holmes-Cerfon},
year={2023},
eprint={2308.10877},
archivePrefix={arXiv},
primaryClass={stat.CO}
}







%%% HMC============================================================
@article{nealHMC,
  author = {Neal, Radford M.},
  title = {{MCMC} Using {Hamiltonian} Dynamics},
  journal = {{H}andbook of {M}arkov {C}hain {M}onte {C}arlo},
  volume = 54,
  year = 2010,
  publisher={Chapman \& Hall/CRC},
}




@article{mala,
    author = {Rossky, P. J. and Doll, J. D. and Friedman, H. L.},
    title = {Brownian dynamics as smart Monte Carlo simulation},
    journal = {The Journal of Chemical Physics},
    volume = {69},
    number = {10},
    pages = {4628-4633},
    year = {1978},
    month = {11},
    issn = {0021-9606},
    doi = {10.1063/1.436415},
}


@InProceedings{automala,
  title = 	 {{autoMALA}: Locally adaptive {M}etropolis-adjusted {L}angevin algorithm},
  author =       {Biron-Lattes, Miguel and Surjanovic, Nikola and Syed, Saifuddin and Campbell, Trevor and Bouchard-Cote, Alexandre},
  booktitle = 	 {Proceedings of The 27th International Conference on Artificial Intelligence and Statistics},
  pages = 	 {4600--4608},
  year = 	 {2024},
  volume = 	 {238},
  series = 	 {Proceedings of Machine Learning Research},
  month = 	 {02--04 May},
  publisher =    {PMLR},
  url = 	 {https://proceedings.mlr.press/v238/biron-lattes24a.html},
  
}


@misc{autostep,
      title={AutoStep: Locally adaptive involutive MCMC}, 
      author={Tiange Liu and Nikola Surjanovic and Miguel Biron-Lattes and Alexandre Bouchard-Côté and Trevor Campbell},
      year={2024},
      eprint={2410.18929},
      archivePrefix={arXiv},
      primaryClass={stat.CO},
      url={https://arxiv.org/abs/2410.18929}, 
}



